+------------------------------------------------------------------------------+
|                   Main-BibTex Datei für dieses Dokument.                     |
+------------------------------------------------------------------------------+

Bibtex unterscheided zwischen innerhalb eines Eintrags und Ausserhalb. Deswegen
ist alles ausserhalb des ät-zeichens ein Kommentar.

+------------------------------------------------------------------------------+

@misc{projss15,
    authors	    = {Viktor Zeller, Robin Hoesch, Christian Reser, Marc Ketterer, Nico Müller, Alexander Wolf},
    title 	    = {NAO-Tutorial},
    howpublished= {Semesterprojekt},
    month       = {07},
    year 	    = {2015},
    note 	    = {}
}
